<record><leader>00000cas a22000007a 4500</leader><controlfield tag="001">10246881</controlfield><controlfield tag="008">831222d18701914njucr ne      0    0eng d</controlfield><datafield ind1=" " ind2=" " tag="010"><subfield code="a">sn 83032287 </subfield></datafield><datafield ind1=" " ind2=" " tag="040"><subfield code="a">NPU</subfield><subfield code="b">eng</subfield><subfield code="c">NPU</subfield><subfield code="d">NPX</subfield><subfield code="d">NPA</subfield><subfield code="d">NJW</subfield><subfield code="d">OCLCQ</subfield></datafield><datafield ind1=" " ind2=" " tag="042"><subfield code="a">msc</subfield></datafield><datafield ind1="0" ind2="4" tag="245"><subfield code="a">The Iron era.</subfield></datafield><datafield ind1=" " ind2=" " tag="260"><subfield code="a">Dover, Morris Co., N.J. :</subfield><subfield code="b">Benj. H. Vogt</subfield></datafield><datafield ind1=" " ind2=" " tag="300"><subfield code="a">v. ;</subfield><subfield code="c">74 cm.</subfield></datafield><datafield ind1=" " ind2=" " tag="310"><subfield code="a">Semiweekly,</subfield><subfield code="b">&lt;1913&gt;-1914</subfield></datafield><datafield ind1=" " ind2=" " tag="321"><subfield code="a">Weekly,</subfield><subfield code="b">1870-&lt;Aug.&gt; 1906</subfield></datafield><datafield ind1=" " ind2=" " tag="321"><subfield code="a">Triweekly,</subfield><subfield code="b">Sept. 1906-&lt;1912&gt;</subfield></datafield><datafield ind1="1" ind2=" " tag="362"><subfield code="a">Began in 1870; ceased with May 11, 1914 issue.</subfield></datafield><datafield ind1=" " ind2=" " tag="500"><subfield code="a">Published by Dover Printing Co., Oct. 2, 1880-&lt;Nov. 10, 1905&gt;.</subfield></datafield><datafield ind1=" " ind2=" " tag="500"><subfield code="a">Editors: Benjamin H. Vogt, &lt;1872-1880&gt;; John S. Gibson; Frank Everett; Frank J. McDeede; A.E.C. Mindermann; James E. Williams, &lt;1904-1905&gt;; Frank E. Porter.</subfield></datafield><datafield ind1=" " ind2=" " tag="500"><subfield code="a">Republican. Cf. Platt, C.D. Dover dates.</subfield></datafield><datafield ind1=" " ind2=" " tag="525"><subfield code="a">Supplements accompany some issues.</subfield></datafield><datafield ind1=" " ind2=" " tag="588"><subfield code="a">Description based on: Vol. 3, no. 14 (Mar. 22, 1873).</subfield></datafield><datafield ind1=" " ind2=" " tag="752"><subfield code="a">United States</subfield><subfield code="b">New Jersey</subfield><subfield code="c">Morris</subfield><subfield code="d">Dover.</subfield></datafield><datafield ind1="0" ind2="5" tag="780"><subfield code="t">Morris journal (Dover, N.J.)</subfield><subfield code="w">(DLC)sn 85035546</subfield></datafield><datafield ind1="0" ind2="7" tag="785"><subfield code="t">Dover advance (Dover, N.J. : 1903)</subfield></datafield><datafield ind1="0" ind2="7" tag="785"><subfield code="t">Dover advance and iron era</subfield></datafield><datafield ind1="1" ind2=" " tag="029"><subfield code="a">AU@</subfield><subfield code="b">000025836164</subfield></datafield></record>